
@article{twitter1,
	title = {Twitter mood predicts the stock market},
	volume = {2},
	issn = {18777503},
	language = {en},
	number = {1},
	urldate = {2016-03-31},
	journal = {Journal of Computational Science},
	author = {Bollen, Johan and Mao, Huina and Zeng, Xiaojun},
	month = mar,
	year = {2011},
	pages = {1--8}
}

@inproceedings{twitter2,
	title = {Earthquake shakes {Twitter} users: real-time event detection by social sensors},
	booktitle = {Proceedings of the 19th international conference on {World} wide web},
	publisher = {ACM},
	author = {Sakaki, Takeshi and Okazaki, Makoto and Matsuo, Yutaka},
	year = {2010},
	pages = {851--860}
}

@article{twitter3,
	title = {Predicting elections with twitter: {What} 140 characters reveal about political sentiment.},
	volume = {10},
	journal = {ICWSM},
	author = {Tumasjan, Andranik and Sprenger, Timm Oliver and Sandner, Philipp G. and Welpe, Isabell M.},
	year = {2010},
	pages = {178--185}
}