@inproceedings{stanfordnlp,
	title = {Recursive deep models for semantic compositionality over a sentiment treebank},
	volume = {1631},
	pages = {1642},
	booktitle = {Proceedings of the conference on empirical methods in natural language processing ({EMNLP})},
	author = {Socher, Richard and Perelygin, Alex and Wu, Jean Y. and Chuang, Jason and Manning, Christopher D. and Ng, Andrew Y. and Potts, Christopher},
	urldate = {2016-02-03},
	date = {2013}
}
@article{bonferoni,
  title={Estimation of the medians for dependent variables},
  author={Dunn, Olive Jean},
  journal={The Annals of Mathematical Statistics},
  pages={192--197},
  year={1959},
  publisher={JSTOR}
}
