@online{pewinternet,
	title = {6\% of Online Adults are reddit Users {\textbar} Pew Research Center},
	url = {http://www.pewinternet.org/2013/07/03/6-of-online-adults-are-reddit-users/},
	urldate = {2016-02-05}
}

@online{reddit-demo,
	title = {Audience and Demographics â€“ Reddit Help},
	url = {https://reddit.zendesk.com/hc/en-us/articles/205183225-Audience-and-Demographics},
	urldate = {2016-02-05}
}


@book{cato,
	title = {Millennials and U.S. foreign policy: the next generation's attitudes toward foreign policy and war (and why they matter)},
	isbn = {978-1-939709-84-4},
	shorttitle = {Millennials and U.S. foreign policy},
	author = {Thrall, A. Trevor and Goepner, Erik and {Cato Institute}},
	date = {2015}
}