@article{Bernstein2011,
	author = {Bernstein, Michael and Monroy-Hern{\'{a}}ndez, Andr{\'{e}}s and Harry, Drew and Andr{\'{e}}, Paul and Panovich, Katrina and Vargas, Greg},
	number = {Coleman},
	title = {{4chan and /b/: An Analysis of Anonymity and Ephemerality in a Large Online Community}},
	year = {2011}
}
@article{DeChoudhury2014,
	author = {{De Choudhury}, Munmun and De, Sushovan},
	journal = {Proceedings of the Eight International AAAI Conference on Weblogs and Social Media},
	keywords = {Full Papers},
	pages = {71--80},
	title = {{Mental Health Discourse on reddit: Self-Disclosure, Social Support, and Anonymity}},
	year = {2014}
}
@article{InternationalCenterforTransitionalJustice2014,
	author = {{International Center for Transitional Justice}},
	title = {{How People Talk About the Lebanon Wars: A Study of the Perceptions and Expectations of Residents in Greater Beirut}},
	year = {2014}
}
@book{Jervis1976,
	author = {Jervis, Robert},
	pages = {410},
	title = {{Perception and Misperception in International Politics}},
	year = {1976}
}
@article{Leavitt2014,
	author = {Leavitt, Alex and Clark, Josh},
	journal = {Proceedings of CHI 2014, One of a CHInd, Toronto, ON, Canada},
	keywords = {Social news site,crisis communication,mixed methods,networked gatekeeping,news framing,news production,reddit},
	pages = {1495--1504},
	title = {{Upvoting Hurricane Sandy: Event-Based News Production on a Social News Site, Reddit}},
	year = {2014}
}
@article{Mills2015,
	author = {Mills, Richard and Fish, Adam},
	keywords = {public sphere,reddit,social news,sopa},
	pages = {229--241},
	title = {{Social Computing and Social Media}},
	volume = {9182},
	year = {2015}
}
@article{Potts2013,
	author = {Potts, Liza and Harrison, Angela},
	journal = {Proceedings of the 31st ACM international conference on Design of communication},
	keywords = {4chan,bulletin boards,digital culture,digital rhetoric,disaster,information design,interface design,participation,reddit,social web,terrorism,user experience},
	pages = {143--150},
	title = {{Interfaces as rhetorical constructions: reddit and 4chan during the boston marathon bombings}},
	year = {2013}
}
@article{Schrading2015,
	author = {Schrading, Nicolas and {Ovesdotter Alm}, Cecilia and Ptucha, Ray and Homan, Christopher},
	journal = {Proceedings of the 2015 Conference on Empirical Methods in Natural Language Processing},
	number = {September},
	pages = {2577--2583},
	title = {{An Analysis of Domestic Abuse Discourse on Reddit}},
	year = {2015}
}
@article{Socher2013,
	author = {Socher, Richard and Perelygin, Alex and Wu, Jy},
	file = {:Users/YingXu/Downloads/EMNLP2013{\_}RNTN (1).pdf:pdf},
	isbn = {9781937284978},
	journal = {Proceedings of the {\ldots}},
	pages = {1631--1642},
	title = {{Recursive deep models for semantic compositionality over a sentiment treebank}},
	year = {2013}
}
@inproceedings{Varol2014,
archivePrefix = {arXiv},
arxivId = {1406.7197},
author = {Varol, Onur and Ferrara, Emilio and Ogan, Christine L. and Menczer, Filippo and Flammini, Alessandro},
booktitle = {In Proceedings of the 2014 ACM conference on Web science (WebSci '14)},
doi = {10.1145/2615569.2615699},
eprint = {1406.7197},
file = {:Users/YingXu/Downloads/p81-varol.pdf:pdf},
isbn = {9781450326223},
keywords = {online user behavior,political mobilization,social media analysis,social protest},
pages = {81--90},
publisher = {ACM, New York, NY, USA},
title = {{Evolution of Online User Behavior During a Social Upheaval}},
url = {http://dl.acm.org/citation.cfm?id=2615569.2615699},
year = {2014}
}
@book{Jervis1976a,
	author = {Jervis, Robert},
	pages = {410},
	title = {{Perceptions and Misperceptions in International Politics}},
	year = {1976}
}
@article{Lim2012,
	author = {Lim, Merlyna},
	journal = {Journal of Communication},
	number = {2},
	pages = {231--248},
	title = {{Clicks, Cabs, and Coffee Houses: Social Media and Oppositional Movements in Egypt, 2004-2011}},
	volume = {62},
	year = {2012}
}
@article{Sacco2015,
	author = {Sacco, Vittoria and Bossio, Diana},
	journal = {The Journal of Media Innovations},
	keywords = {journalistic practice,social media,war {\&} conflict},
	number = {1},
	pages = {59--76},
	title = {{Using social media in the news reportage of War {\&} Conflict: Opportunities and Challenges}},
	volume = {2},
	year = {2015}
}
@article{Nelson1997,
	author = {Nelson, Thomas E. and Clawson, Rosalee a. and Oxley, Zoe M.},
	journal = {American Political Science Review},
	number = {3},
	pages = {567--583},
	title = {{Media Framing of a Civil Liberties Conflict and Its Effect on Tolerance}},
	volume = {91},
	year = {1997}
}
@article{Entman2007,
	author = {Entman, Robert M.},
	journal = {Journal of Communication},
	number = {1},
	pages = {163--173},
	title = {{Framing bias: Media in the distribution of power}},
	volume = {57},
	year = {2007}
}
@article{Buhaug2002,
	author = {Buhaug, H. and Gates, S.},
	journal = {Journal of Peace Research},
	number = {4},
	pages = {417--433},
	title = {{The Geography of Civil War}},
	volume = {39},
	year = {2002}
}
